<?xml version="1.0" encoding="UTF-8"?><collection xmlns="http://www.loc.gov/MARC21/slim"><record><leader>00357nam--2200121-i-4500</leader><controlfield tag="001">000025841</controlfield><controlfield tag="002">20161230</controlfield><controlfield tag="005">20161230201036</controlfield><controlfield tag="008">060222s1000------------r-----000-0-eng-d</controlfield><datafield ind1=" " ind2=" " tag="100"><subfield code="a">Kahn, Fritz</subfield></datafield><datafield ind1=" " ind2=" " tag="245"><subfield code="a">Das atom. endlich verstandlich. die grundlegenden tatsachen der atomlehre</subfield></datafield><datafield ind1=" " ind2=" " tag="260"><subfield code="a">Ruschlikon-zurich, Muller, /1949/, 96p.Cu Fig.+ 24p</subfield></datafield><datafield ind1=" " ind2=" " tag="852"><subfield code="a">11728</subfield></datafield></record></collection>